<collection xmlns="http://www.loc.gov/MARC21/slim">
<record>
  <leader>00741nam0a22001931i 450 </leader>
  <controlfield tag="001">IT\ICCU\CNCE\059188</controlfield>
  <controlfield tag="005">20100312000000.0</controlfield>
  <datafield tag="100" ind1=" " ind2=" ">
    <subfield code="a">20040924d1583        0itac0103    ba</subfield>
  </datafield>
  <datafield tag="101" ind1=" " ind2=" ">
    <subfield code="a">ITA</subfield>
  </datafield>
  <datafield tag="102" ind1=" " ind2=" ">
    <subfield code="a">IT</subfield>
  </datafield>
  <datafield tag="200" ind1="1" ind2=" ">
    <subfield code="a">Noui ordini et decreti, intorno alle cause ciuili, libro terzo</subfield>
  </datafield>
  <datafield tag="210" ind1=" " ind2=" ">
    <subfield code="a">In Vercelli</subfield>
    <subfield code="c">per il Pellipari</subfield>
    <subfield code="d">1583</subfield>
    <subfield code="e">In Vercelli</subfield>
    <subfield code="g">appresso Bernardino Pellipari</subfield>
    <subfield code="h">1583</subfield>
  </datafield>
  <datafield tag="215" ind1=" " ind2=" ">
    <subfield code="a">\4!, 35, \1! p.</subfield>
    <subfield code="d">fol</subfield>
  </datafield>
  <datafield tag="620" ind1=" " ind2=" ">
    <subfield code="a">IT</subfield>
    <subfield code="d">Vercelli</subfield>
  </datafield>
  <datafield tag="710" ind1="0" ind2="2">
    <subfield code="a">Savoia</subfield>
    <subfield code="c"> &lt;Ducato&gt;</subfield>
    <subfield code="3">8866</subfield>
  </datafield>
  <datafield tag="712" ind1="0" ind2="0">
    <subfield code="a">Pellipari, Bernardino</subfield>
    <subfield code="3">IT\ICCU\CNCT\002689</subfield>
    <subfield code="4">650</subfield>
  </datafield>
  <datafield tag="791" ind1="0" ind2="0">
    <subfield code="a">Pelliparius, Ioannes Bernardinus</subfield>
    <subfield code="3">IT\ICCU\CNCT\005341</subfield>
    <subfield code="z">Pellipari, Bernardino</subfield>
  </datafield>
  <datafield tag="791" ind1="0" ind2="0">
    <subfield code="a">Pellippari, Bernardino</subfield>
    <subfield code="3">IT\ICCU\CNCT\005343</subfield>
    <subfield code="z">Pellipari, Bernardino</subfield>
  </datafield>
  <datafield tag="801" ind1=" " ind2="3">
    <subfield code="a">IT</subfield>
    <subfield code="b">ICCU</subfield>
    <subfield code="c">20201115</subfield>
  </datafield>
</record>
</collection>
